@article{Lu:19,
  title={Artificial intelligence: a survey on evolution, models, applications and future trends},
  author={Y. Lu},
  journal={Journal of Management Analytics},
  volume={6},
  number={1},
  pages={1--29},
  year={2019},
  publisher={Taylor \& Francis}
}

@book{Bishop:95,
author =       {C. Bishop},
title =        {Neural networks for pattern recognition},
publisher =    {Oxford University Press},
year =         {1995},
}

@inproceedings{Hinton:86,
  title={Learning distributed representations of concepts},
  author={G. E. Hinton},
  booktitle={Proceedings of the Eighth Annual Conference of the Cognitive Science Society},
  publisher={Cognitive Science Society},
  volume={1},
  pages={47--60},
  year={1986},
}

@book{bertsekas99,
  title={Nonlinear programming},
  author={D. P. Bertsekas},
  year={1999},
  publisher={Athena Scientific}
}

@article{yang_review,
  title={Review of meta-heuristics and generalised evolutionary walk algorithm},
  author={X.-S. Yang},
  journal={International Journal of Bio-Inspired Computation},
  volume={3},
  number={2},
  pages={77--84},
  year={2011},
  publisher={Inderscience Publishers}
}

@book{Lan:20,
  title={First-order and stochastic optimization methods for machine learning},
  author={G. Lan},
  year={2020},
  publisher={Springer Nature}
}